@misc{circuits,
  url       = {https://arxiv.org/abs/2201.10456},
  author    = {Dan R. Ghica and {K.} and David Sprunger},
  keywords  = {Logic in Computer Science (cs.LO), Programming Languages (cs.PL), Category Theory (math.CT), FOS: Computer and information sciences, FOS: Computer and information sciences, FOS: Mathematics, FOS: Mathematics},
  title     = {A compositional theory of digital circuits},
  publisher = {arXiv},
  year      = {2022},
  copyright = {arXiv.org perpetual, non-exclusive license}
}
